@inproceedings{carion2020detr,
title={End-to-End Object Detection with Transformers},
author={Carion, Nicolas and Massa, Francisco and Synnaeve, Gabriel and Usunier, Nicolas and Kirillov, Alexander and Zagoruyko, Sergey},
booktitle={European Conference on Computer Vision (ECCV)},
year={2020}
}

@inproceedings{zhu2021deformable,
title={Deformable DETR: Deformable Transformers for End-to-End Object Detection},
author={Zhu, Xizhou and Su, Weijie and Lu, Lewei and Li, Bin and Wang, Xiaogang and Dai, Jifeng},
booktitle={International Conference on Learning Representations (ICLR)},
year={2021}
}

@article{qi2017pointnetplusplus,
title={PointNet++: Deep Hierarchical Feature Learning on Point Sets in a Metric Space},
author={Qi, Charles R and Yi, Li and Su, Hao and Guibas, Leonidas J},
journal={arXiv preprint arXiv:1706.02413},
year={2017}
}

@article{tenPas2017gpd,
title={Grasp Pose Detection in Point Clouds},
author={Ten Pas, Andreas and Gualtieri, Matthew and Saenko, Kate and Platt, Robert},
journal={The International Journal of Robotics Research},
volume={36},
number={13-14},
pages={1455--1473},
year={2017}
}

@inproceedings{mahler2017dexnet,
title={Dex-Net 2.0: Deep Learning to Plan Robust Grasps with Synthetic Point Clouds and Analytic Grasp Metrics},
author={Mahler, Jeffrey and Pokorny, Florian T. and Hou, Brian and Roderick, Michael and Laskey, Michael and Aubry, Mathieu and Brock, Oliver and Abbeel, Pieter and Goldberg, Ken},
booktitle={Robotics: Science and Systems (RSS)},
year={2017}
}

@inproceedings{quigley2009ros,
title={ROS: an open-source Robot Operating System},
author={Quigley, Morgan and Conley, Ken and Gerkey, Brian and Faust, Josh and Foote, Tully and Leibs, Jeremy and Wheeler, Rob and Ng, Andrew Y},
booktitle={ICRA Workshop on Open Source Software},
year={2009}
}

@article{sucan2012ompl,
title={The Open Motion Planning Library},
author={Sucan, Ioan A. and Moll, Mark and Kavraki, Lydia E.},
journal={IEEE Robotics \& Automation Magazine},
volume={19},
number={4},
pages={72--82},
year={2012}
}

@article{shi2016edge,
title={Edge Computing: Vision and Challenges},
author={Shi, Weisong and Cao, Jie and Zhang, Quan and Li, Youhuizi and Xu, Lanyu},
journal={IEEE Internet of Things Journal},
volume={3},
number={5},
pages={637--646},
year={2016}
}

@article{kusiak2018smart,
title={Smart Manufacturing},
author={Kusiak, Andrew},
journal={International Journal of Production Research},
volume={56},
number={1-2},
pages={508--517},
year={2018}
}

@article{lasi2014industry4,
title={Industry 4.0},
author={Lasi, Heiner and Fettke, Peter and Kemper, Hans-Georg and Feld, Thomas and Hoffmann, Michael},
journal={Business \& Information Systems Engineering},
volume={6},
number={4},
pages={239--242},
year={2014}
}

@book{nakajima1988tpm,
title={Introduction to TPM: Total Productive Maintenance},
author={Nakajima, Seiichi},
publisher={Productivity Press},
year={1988}
}
